<record xmlns="http://www.loc.gov/MARC21/slim" xmlns:xsi="http://www.w3.org/2001/XMLSchema-instance" xsi:schemaLocation="http://www.loc.gov/MARC21/slim http://www.loc.gov/standards/marcxml/schema/MARC21slim.xsd"><leader>00630cz   2200193n  4500</leader><controlfield tag="001">oca00574023 </controlfield><controlfield tag="005">20020627135710.0</controlfield><controlfield tag="008">810805n| acannaab           |a aaa      </controlfield><datafield ind1=" " ind2=" " tag="010"><subfield code="a">n  81028285 </subfield></datafield><datafield ind1=" " ind2=" " tag="040"><subfield code="a">DLC</subfield><subfield code="c">DLC</subfield><subfield code="d">DLC</subfield><subfield code="d">NIC</subfield><subfield code="d">DLC</subfield></datafield><datafield ind1="0" ind2=" " tag="100"><subfield code="a">Appianus,</subfield><subfield code="c">of Alexandria</subfield></datafield><datafield ind1="0" ind2=" " tag="400"><subfield code="a">Apiano</subfield></datafield><datafield ind1="0" ind2=" " tag="400"><subfield code="a">Appianos</subfield></datafield><datafield ind1="0" ind2=" " tag="400"><subfield code="a">Appian,</subfield><subfield code="c">of Alexandria</subfield></datafield><datafield ind1="0" ind2=" " tag="400"><subfield code="a">Appian,</subfield><subfield code="c">von Alexandria</subfield></datafield><datafield ind1="0" ind2=" " tag="400"><subfield code="a">Appien,</subfield><subfield code="c">d'Alexandrie</subfield></datafield><datafield ind1=" " ind2=" " tag="670"><subfield code="a">His Historia romana, 1980:</subfield><subfield code="b">t.p. (Apiano)</subfield></datafield><datafield ind1=" " ind2=" " tag="670"><subfield code="a">His RoÌ&#x88;mische Geschichte, 1987- :</subfield><subfield code="b">v. 1, t.p. (Appian von Alexandria)</subfield></datafield><datafield ind1=" " ind2=" " tag="670"><subfield code="a">Concordantia in Appianum, 1993:</subfield><subfield code="b">p. ix (Appien d'Alexandrie)</subfield></datafield></record>